@article{doi:10.1187/cbe.18-07-0126,
author = {Indorf, Jane L. and Weremijewicz, Joanna and Janos, David P. and Gaines, Michael S.},
title = {Adding Authenticity to Inquiry in a First-Year, Research-Based, Biology Laboratory Course},
journal = {CBE: Life Sciences Education},
volume = {18},
number = {3},
year = {2019},
doi = {10.1187/cbe.18-07-0126},
note ={PMID: 31418655},
URL = {https://doi.org/10.1187/cbe.18-07-0126},
eprint = {https://doi.org/10.1187/cbe.18-07-0126},
},

@article{doi:10.1187/cbe.14-01-0004,
author = {Auchincloss, Lisa Corwin and Laursen, Sandra L. and Branchaw, Janet L. and Eagan, Kevin and Graham, Mark and Hanauer, David I. and Lawrie, Gwendolyn and McLinn, Colleen M. and Pelaez, Nancy and Rowland, Susan and Towns, Marcy and Trautmann, Nancy M. and Varma-Nelson, Pratibha and Weston, Timothy J. and Dolan, Erin L.},
title = {Assessment of Course-Based Undergraduate Research Experiences: A Meeting Report},
journal = {CBE: Life Sciences Education},
volume = {13},
number = {1},
pages = {29-40},
year = {2014},
},
@article{10.1093/femsle/fnx157,
    author = {Wang, Jack T. H.},
    title = {Course-based undergraduate research experiences in molecular biosciences-patterns, trends, and faculty support},
    journal = {FEMS Microbiology Letters},
    volume = {364},
    number = {15},
    year = {2017},
    month = {07},
},

@article{rosenshine2012principles,
  title={Principles of Instruction: Research-Based Strategies That All Teachers Should Know.},
  author={Rosenshine, Barak},
  journal={American educator},
  volume={36},
  number={1},
  pages={12},
  year={2012},
  publisher={ERIC}
},
@article{eagan2013making,
  title={Making a difference in science education: the impact of undergraduate research programs},
  author={Eagan Jr, M Kevin and Hurtado, Sylvia and Chang, Mitchell J and Garcia, Gina A and Herrera, Felisha A and Garibay, Juan C},
  journal={American educational research journal},
  volume={50},
  number={4},
  pages={683--713},
  year={2013},
  publisher={Sage Publications Sage CA: Los Angeles, CA}
},
@article{hurtado2009diversifying,
  title={Diversifying science: Underrepresented student experiences in structured research programs},
  author={Hurtado, Sylvia and Cabrera, Nolan L and Lin, Monica H and Arellano, Lucy and Espinosa, Lorelle L},
  journal={Research in Higher Education},
  volume={50},
  number={2},
  pages={189--214},
  year={2009},
  publisher={Springer}
},
@article{schultz2011patching,
  title={Patching the pipeline: Reducing educational disparities in the sciences through minority training programs},
  author={Schultz, P Wesley and Hernandez, Paul R and Woodcock, Anna and Estrada, Mica and Chance, Randie C and Aguilar, Maria and Serpe, Richard T},
  journal={Educational evaluation and policy analysis},
  volume={33},
  number={1},
  pages={95--114},
  year={2011},
  publisher={Sage Publications Sage CA: Los Angeles, CA}
},
@article{adams2015bloom,
  title={Bloom's taxonomy of cognitive learning objectives},
  author={Adams, Nancy E},
  journal={Journal of the Medical Library Association: JMLA},
  volume={103},
  number={3},
  pages={152},
  year={2015},
  publisher={Medical Library Association}
},